@incollection{Components,
  author         = {McCaffrey, Lawrence J.},
  booktitle      = {Perspectives On Irish Nationalism},
  editor= {Hachey, Thomas E. \& McCaffrey, Lawrence J.},
  date           = {1989},
  title          = {Components of Irish Nationalism},
  Chapter= {1},
  year           = {1989},
  pages={1-19},
  publisher= {University Press of Kentucky},
  URL ={https://www.jstor.org/stable/j.ctt130j6bn.4}
}
@inbook{Language,
  author         = {Comerford, R.V.},
  booktitle      = {Perspectives On Irish Nationalism},
  editor = {Hachey, Thomas E. \& McCaffrey, Lawrence J.},
  date           = {1989},
  Chapter={2},
  title          = {Nation, Nationalism, and the Irish Language},
  year           = {1989},
  pages={20-41},
  publisher= {University Press of Kentucky},
  url= {https://www.jstor.org/stable/j.ctt130j6bn.5}
}
@article{Visions,
  author            = {Cashman, Ray},
  date              = {2008},
  journaltitle      = {Journal of Folklore Research},
  title             = {Visions of Irish Nationalism},
  year              = {2008},
  publisher= {Indianna University Press},
  volume={45},
  number={3},
  pages={361-381},
  DOI={10.2979/jfr.2008.45.3.361}
}
@article{question,
  author            = {Doyle, Patrick Mary},
  date              = {2014},
  journaltitle      = {Irish Studies Review},
  title             = {Reframing the ``Irish Question'': the role of the Irish co-operative movement in the formation of Irish nationalism, 1900-22},
  year              = {2014},
  Volume= {22},
  number={3},
  pages={267-284},
  doi={10.1080/09670882.2014.938917},
}