@inbook{bio1,
  author         = {{P}rather, {M}arla},
  booktitle      = {{C}laes {O}ldenburg: {A}n {A}nthology},
  title          = {{C}laes {O}ldenburg: {A} {B}iographical {O}verview},
  year           = {1995},
  publisher={{T}he {S}olomon {R.} {G}uggenhem {F}oundation},
  location={New York},
  ISBN={0810968878},
  addendum={\\}
}

@inbook{bio2,
  author         = {{R}osenthal, {M}ark},
  booktitle      = {{C}laes {O}ldenburg: {A}n {A}nthology},
  title          = {``Unbridled'' Monuments; or, How Claes Oldenburg Set Out to Change the World},
  year           = {1995},
  publisher={{T}he {S}olomon {R.} {G}uggenhem {F}oundation},
  location={New York},
  ISBN={0810968878}
}
@book{Oldenburg1,
  author         = {{O}ldenburg, {C}laes},
  title          = {Raw Notes: Documents and Scripts of the Performances: Stars, Moveyhouse, Massage, The Typewriter, with annotations by the author},
  year           = {1973},
  publisher={The {P}ress of the Nova Scotia College of Art {a}nd Design},
  editor={KÃ¶nig, Kasper},
  location = {Halifax},
  isbn={0919616437},
    addendum={\\}
}
@inbook{bio3,
  author         = {{C}elant, {G}ermano},
  booktitle      = {{C}laes {O}ldenburg: {A}n {A}nthology},
  title          = {Claes Oldenburg and the Feelings of Things},
  translator     = {{S}artarelli, {S}tephen},
  year           = {1995},
  publisher={{T}he {S}olomon {R.} {G}uggenhem {F}oundation},
  location={New York},
  ISBN={0810968878},
    addendum={\\}
}
@custom{Pic1,
type ={Picture},
author ={{M}aranzano, {A}ttilio},
title ={Claes Oldenburg and Coosje van Bruggen: Stake Hitch},
shorttitle={Maranzano\textsuperscript{2}},
year= {1984},
url= {http://oldenburgvanbruggen.com/largescaleprojects/stakehitch.htm},
  addendum={\\}
}
@custom{pic2,
type ={Picture},
author ={{M}useum of {M}odern {A}rt},
shortauthor= {MOMA},
title ={Claes Oldenburg: Giant Soft Fan},
url={https://www.moma.org/collection/works/82053},
  addendum={\\}
}
@custom{pic3,
type= {Picture},
author= {{M}useum of Fine Arts, Houston},
shortauthor= {MFAH},
Title={Claes Oldenburg: Giant Soft Fan - Ghost Version},
url={https://emuseum.mfah.org/objects/836/giant-soft-fanghost-version?ctx=f86ed732c7021444d85f3946791e58b62b28f997&idx=20},
  addendum={\\}
}
@custom{pic4,
type ={Picture},
author ={{M}aranzano, {A}ttilio},
title ={Claes Oldenburg and Coosje van Bruggen: Trowel I},
shorttitle={Maranzano\textsuperscript{2}},
year= {1976},
url= {http://oldenburgvanbruggen.com/largescaleprojects/trowel.htm},
  addendum={\\}
}
@custom{pic5,
type ={Picture},
author ={{M}aranzano, {A}ttilio},
title ={Claes Oldenburg and Coosje van Bruggen: Clothespin},
shorttitle={Maranzano\textsuperscript{1}},
year= {1976},
url= {http://oldenburgvanbruggen.com/largescaleprojects/clothespin.htm},
  addendum={\\}
}