@article{tweet,
  author          ={Marwick \& boyd},
  journal         ={new media \& society},
  number          ={1},
  title           ={I tweet honestly, I tweet passionately: Twitter users, context collapse, and the imagined audience},
  volume          ={13},
  year            ={2010},
  DOI             ={10.1177/1461444810365313},
  pages= {114-133}
  }