@inbook{Fabulous_lives,
  author            = {{M}arwick, {A}lice {E.}},
  booktitle         = {Status Update: Celebrity, Publicity, and Branding in the Social Media Age},
  title             = {Fabulous Life of Micro-Celebrities},
  year              = {2013},
  publisher = {Yale University Press},
  location = {New Haven},
  addendum = {\\ \\ \hspace*{.5in} The article is a good first look into how microcelebrities operate online, and is a good first reading when looking into the subject. This article also introduces many topics and language used in other articles, especially future articles by Marwick.}
}