@article{ModernMet,
  author            = {Taggart, Emma},
  date              = {6/16/2020},
  journaltitle      = {My Modern Met},
  title             = {The History of the Color Green: From a Poisonous Pigment to a Symbol of Environmentalism},
  year              = {2020},
  URL               = {https://mymodernmet.com/history-of-the-color-green/}
}

@article{Islam,
  author            = {Danesh, Kazem and Khazaie, Mohammad},
  date              = {6/17/2020},
  journaltitle      = {Journal of Art Faculty, Shahid Chamran University of Ahvaz},
  title             = {The symbolism of green color in Iranian-Islamic culture and art},
  volume            = {9},
  number            = {19},
  pages             = {24-32},
  doi               = {10.22055/pyk.2020.15725},
  year              = {2020}
}
@article{colorSymbolism,
    author={Evarts,Arrah B.},
    year={1919},
    title={Color Symbolism},
    journal={The Psychoanalytic Review (1913-1957)},
    volume={6},
    pages={124-157},
    note={Last updated - 2013-02-25},
    keywords={Psychology},
    isbn={0886-795X},
    url={https://www.proquest.com/scholarly-journals/color-symbolism/docview/1309886773/se-2},
}