@online{bruceAndrewBruceMusical,
  title = {Andrew {{Bruce}}: {{The Musical}}},
  author = {Bruce, Andrew},
  url = {https://www.fast-and-wide.com/more/wideangle/5934-theatre-mixing},
  urldate = {2024-12-05},
  organization = {Faster and Wider},
  file = {/Users/Owen/Zotero/storage/HVR3PDUA/5934-theatre-mixing.html}
}

@online{bruceTheatreSoundDigital,
  title = {Theatre {{Sound}}: {{Towards Digital Mixing}}},
  author = {Bruce, Andrew},
  url = {https://www.fast-and-wide.com/more/wideangle/5971-theatre-sound-towards-digital-mixing},
  urldate = {2024-12-05},
  organization = {Faster and Wider},
  file = {/Users/Owen/Zotero/storage/YYF3ANVJ/5971-theatre-sound-towards-digital-mixing.html}
}

@online{CadacConsolesCadac,
  title = {Cadac {{Consoles}} | {{Cadac History}} | {{A Sound Evolution}}},
  url = {https://www.cadac-consoles.com/history},
  urldate = {2024-12-17},
  abstract = {A brief history covering the sound evolution of Cadac Consoles from 1968 to the present day.},
  langid = {english},
  organization = {Cadac Consoles},
  file = {/Users/Owen/Zotero/storage/4J6CBEA3/history.html}
}

@online{coulesHistoryLiveSound2021,
  type = {HARMAN Professional Solutions Insights},
  title = {The {{History}} of {{Live Sound}} – {{Part}} 1},
  author = {Coules, Andy},
  date = {2021-01-06},
  url = {https://pro.harman.com/insights/av/the-history-of-live-sound-part-1/},
  urldate = {2024-12-05},
  langid = {american},
  organization = {Harman},
  file = {/Users/Owen/Zotero/storage/C9TD4JQU/the-history-of-live-sound-part-1.html}
}

@online{coulesHistoryLiveSound2021a,
  title = {The {{History}} of {{Live Sound}} – {{Part}} 2 –},
  author = {Coules, Andy},
  date = {2021-01-07},
  url = {https://pro.harman.com/insights/av/the-history-of-live-sound-part-2/},
  urldate = {2024-12-05},
  abstract = {In The History of Live Sound – Part 1, we covered 90 years of advances in audio technology, from the invention of the microphone to the world’s first},
  langid = {american},
  organization = {HARMAN Professional Solutions Insights},
  file = {/Users/Owen/Zotero/storage/4HE38M85/the-history-of-live-sound-part-2.html}
}

@online{coulesMixingEvolutionKey2020,
  title = {Mixing {{Evolution}}: {{Key Steps In The Journey To The Digital Console Platform}}},
  shorttitle = {Mixing {{Evolution}}},
  author = {Coules, Andy},
  date = {2020-02-18},
  url = {https://www.prosoundweb.com/mixing-evolution-key-steps-in-the-journey-to-the-digital-console-platform/},
  urldate = {2024-12-05},
  abstract = {Considering the current capabilities of digital consoles, how we got here, and what the future of mixing may hold.},
  langid = {american},
  organization = {ProSoundWeb},
  file = {/Users/Owen/Zotero/storage/XK5624BV/mixing-evolution-key-steps-in-the-journey-to-the-digital-console-platform.html}
}

@online{daleyWindingRoadModern2020,
  title = {The {{Winding Road}} to the {{Modern Digital Mixing Console}}},
  author = {Daley, Dan},
  date = {2020-03-09},
  url = {https://www.churchproduction.com/api/content/00ed3d6e-6218-11ea-8096-1244d5f7c7c6/},
  urldate = {2024-12-05},
  abstract = {An AV industry veteran provides a glimpse into the wireless and wonderful future of the digital mixing console. Hint: the future may mean there is no need for a console at all.},
  langid = {american},
  organization = {Church Production Magazine},
  file = {/Users/Owen/Zotero/storage/5S3WY7IR/the-winding-road-to-the-modern-digital-mixing-console.html}
}

@online{fletcherOnceTimeEvolution2014,
  title = {Once {{Upon A Time}}... {{The Evolution Of Digital Consoles}}},
  author = {Fletcher, Andrew},
  date = {2014-02-27},
  url = {https://www.prosoundweb.com/once-upon-a-time-the-evolution-of-digital-consoles/},
  urldate = {2024-12-05},
  abstract = {An engineer's walk through the development of a game-changing sound reinforcement technology},
  langid = {american},
  organization = {ProSoundWeb},
  file = {/Users/Owen/Zotero/storage/QWMQ6SCG/once-upon-a-time-the-evolution-of-digital-consoles.html}
}

@article{gillmoreBriefHistoryTheatre2016,
  entrysubtype = {magazine},
  title = {A {{Brief History}} of {{Theatre Sound Consoles}} with {{Autograph Sound}}},
  author = {Gillmore, Kristy},
  date = {2016-06-22},
  journaltitle = {SoundGirls.org},
  url = {https://soundgirls.org/a-brief-history-of-theatre-sound-consoles-with-autograph-sound/},
  urldate = {2024-12-05},
  abstract = {A Brief History of Theatre Sound Consoles with Autograph Sound. A Big Thanks to Peppe Mallozzi for sharing his knowledge with SoundGirls},
  langid = {american},
  file = {/Users/Owen/Zotero/storage/CB9462LB/a-brief-history-of-theatre-sound-consoles-with-autograph-sound.html}
}

@online{guitarcenterEvolutionRecordingMixing,
  title = {The {{Evolution}} of {{Recording}} and {{Mixing Consoles}} | {{GC Riffs}}},
  author = {{Guitar Center}},
  url = {https://www.guitarcenter.com/riffs/gear-tips/recording/evolution-recording-mixing-consoles},
  urldate = {2024-12-05},
  abstract = {Learn about the history of recording consoles, from the earliest Western Electric and RCA desks in the 1930s to the latest DAW control surfaces.},
  langid = {english},
  organization = {GC Riffs},
  file = {/Users/Owen/Zotero/storage/F2WHAP3C/evolution-recording-mixing-consoles.html}
}

@online{HistoryStudioConsole2023,
  title = {The {{History Of The Studio Console}}, {{Part}} 1},
  date = {2023-11-02},
  url = {https://vintageking.com/blog/2023/11/history-of-consoles-part1},
  urldate = {2024-12-05},
  abstract = {Discover the fascinating journey of studio consoles from their humble beginnings to legendary brands like Neve, SSL, and API.},
  langid = {english},
  organization = {Vintage King Blog},
  file = {/Users/Owen/Zotero/storage/X9Q8TP7M/history-of-consoles-part1.html}
}

@online{HistoryStudioConsole2024,
  title = {The {{History Of The Studio Console}}, {{Part}} 2},
  date = {2024-01-10},
  url = {https://vintageking.com/blog/2024/01/history-of-consoles-part2},
  urldate = {2024-12-05},
  abstract = {Explore the rich history of studio consoles, from iconic analog gems to cutting-edge hybrids. Dive into the past, present, and future of audio.},
  langid = {english},
  organization = {Vintage King Blog},
  file = {/Users/Owen/Zotero/storage/XCNPTNG3/history-of-consoles-part2.html}
}

@article{smithWayWeWere2018,
  entrysubtype = {magazine},
  title = {The {{Way We Were}}: {{Mixers Past}} \& {{Present}} ({{Part}} 1)},
  author = {Smith, Scott D.},
  date = {2018-22},
  journaltitle = {Production Sound \& Video},
  volume = {10},
  number = {3},
  pages = {36--38},
  url = {https://www.local695.com/magazine/the-way-we-were-mixers-past-present-part-1/},
  urldate = {2024-12-05},
  langid = {english},
  file = {/Users/Owen/Zotero/storage/DJI67LAZ/the-way-we-were-mixers-past-present-part-1.html}
}

@article{smithWayWeWere2018a,
  entrysubtype = {magazine},
  title = {The {{Way We Were}}: {{Mixers Past}} \& {{Present}} ({{Part}} 2)},
  author = {Smith, Scott D.},
  date = {2018-23},
  journaltitle = {Production Sound \& Video},
  volume = {10},
  number = {4},
  pages = {40--42},
  url = {https://www.local695.com/magazine/the-way-we-were-mixers-past-present-part-2/},
  urldate = {2024-12-05},
  file = {/Users/Owen/Zotero/storage/RUWIKCHK/the-way-we-were-mixers-past-present-part-2.html}
}

@online{sweetwaterLegendaryConsolesTheir2019,
  title = {Legendary {{Consoles}} and {{Their Impact}} on {{Music History}}},
  author = {{Sweetwater}},
  date = {2019-06-01},
  url = {https://www.sweetwater.com/insync/legendary-consoles-impact-music-history/},
  urldate = {2024-12-05},
  abstract = {What do Muscle Shoals, Abbey Road, Sound City, and Ocean Way have in common? Check out four legendary analog boards that impacted the sound of modern music.},
  langid = {english},
  organization = {InSync},
  file = {/Users/Owen/Zotero/storage/ABVBVT3M/legendary-consoles-impact-music-history.html}
}

@online{TheatricalAddressLoudspeakers,
  title = {Theatrical {{Address}}: {{Loudspeakers}} for {{Theatre}}},
  url = {https://www.fast-and-wide.com/more/wideangle/6684-theatre-speakers},
  urldate = {2024-12-05},
  organization = {Faster and Wider},
  file = {/Users/Owen/Zotero/storage/BAEEPWC6/6684-theatre-speakers.html}
}

@online{tsdcaHistoryScienceSound,
  title = {The {{History}} and {{Science}} of {{Sound}}},
  author = {{TSDCA}},
  url = {https://tsdca.org/history/},
  urldate = {2024-12-05},
  abstract = {Theatrical Sound Designers and Composers Association},
  langid = {american},
  organization = {TSDCA},
  file = {/Users/Owen/Zotero/storage/8N4WDYMI/history.html}
}

@online{YamahaDigitalMixer,
  title = {Yamaha {{Digital Mixer History}}},
  url = {https://uk.yamaha.com/en/products/contents/proaudio/about/history/index.html},
  urldate = {2024-12-05},
  langid = {english},
  organization = {Yamaha.com},
  file = {/Users/Owen/Zotero/storage/E74GSFSL/index.html}
}
